<record><leader>00000cas a2200000 a 4500</leader><controlfield tag="001">33271163</controlfield><controlfield tag="008">951011d18871888fludn ne      0    0eng c</controlfield><datafield ind1=" " ind2=" " tag="010"><subfield code="a">sn 95026777 </subfield></datafield><datafield ind1=" " ind2=" " tag="040"><subfield code="a">FUG</subfield><subfield code="b">eng</subfield><subfield code="c">FUG</subfield><subfield code="d">OCLCQ</subfield><subfield code="d">OCLCF</subfield><subfield code="d">OCLCO</subfield></datafield><datafield ind1=" " ind2=" " tag="012"><subfield code="i">9510</subfield></datafield><datafield ind1="1" ind2=" " tag="029"><subfield code="a">AU@</subfield><subfield code="b">000025893210</subfield></datafield><datafield ind1=" " ind2=" " tag="042"><subfield code="a">pcc</subfield></datafield><datafield ind1=" " ind2=" " tag="043"><subfield code="a">n-us-fl</subfield></datafield><datafield ind1="0" ind2=" " tag="130"><subfield code="a">Evening call (Key West, Fla.)</subfield></datafield><datafield ind1="1" ind2="4" tag="245"><subfield code="a">The evening call.</subfield></datafield><datafield ind1="1" ind2="3" tag="246"><subfield code="a">Call</subfield></datafield><datafield ind1=" " ind2=" " tag="260"><subfield code="a">Key-West, Fla. :</subfield><subfield code="b">[s.n.]</subfield></datafield><datafield ind1=" " ind2=" " tag="300"><subfield code="a">v.</subfield></datafield><datafield ind1=" " ind2=" " tag="310"><subfield code="a">Daily (except Sunday)</subfield></datafield><datafield ind1="1" ind2=" " tag="362"><subfield code="a">Began May 16, 1887; ceased in 1888?</subfield></datafield><datafield ind1=" " ind2=" " tag="500"><subfield code="a">Published from the office of: The Key of the Gulf.</subfield></datafield><datafield ind1=" " ind2=" " tag="530"><subfield code="a">Also issued on microfilm from the University of Florida.</subfield></datafield><datafield ind1=" " ind2=" " tag="588"><subfield code="a">Description based on: Vol. 1, no. 150 (Nov. 7, 1887).</subfield></datafield><datafield ind1=" " ind2="0" tag="651"><subfield code="a">Key West (Fla.)</subfield><subfield code="v">Newspapers.</subfield></datafield><datafield ind1=" " ind2="0" tag="651"><subfield code="a">Monroe County (Fla.)</subfield><subfield code="v">Newspapers.</subfield></datafield><datafield ind1=" " ind2="7" tag="655"><subfield code="a">Newspapers.</subfield><subfield code="2">fast</subfield><subfield code="0">(OCoLC)fst01423814</subfield></datafield><datafield ind1=" " ind2="7" tag="651"><subfield code="a">Florida</subfield><subfield code="z">Key West.</subfield><subfield code="2">fast</subfield><subfield code="0">(OCoLC)fst01207829</subfield></datafield><datafield ind1=" " ind2="7" tag="651"><subfield code="a">Florida</subfield><subfield code="z">Monroe County.</subfield><subfield code="2">fast</subfield><subfield code="0">(OCoLC)fst01217770</subfield></datafield><datafield ind1=" " ind2=" " tag="752"><subfield code="a">United States</subfield><subfield code="b">Florida</subfield><subfield code="c">Monroe</subfield><subfield code="d">Key West.</subfield></datafield><datafield ind1="1" ind2=" " tag="776"><subfield code="c">Microfilm</subfield><subfield code="d">George A. Smathers Libraries, University of Florida</subfield><subfield code="w">(DLC)sn 96027687</subfield><subfield code="w">(OCoLC)35522044</subfield></datafield><datafield ind1="0" ind2="0" tag="785"><subfield code="t">Daily Key</subfield><subfield code="h">[microform]</subfield><subfield code="w">(DLC)sn 96027686</subfield><subfield code="w">(OCoLC)35521773</subfield></datafield><datafield ind1=" " ind2=" " tag="850"><subfield code="a">FU</subfield></datafield></record>